%YAML 1.1
%TAG !u! tag:unity3d.com,2011:
--- !u!114 &905903502272391914
MonoBehaviour:
  m_ObjectHideFlags: 0
  m_CorrespondingSourceObject: {fileID: 0}
  m_PrefabInstance: {fileID: 0}
  m_PrefabAsset: {fileID: 0}
  m_GameObject: {fileID: 1133457453871718168}
  m_Enabled: 1
  m_EditorHideFlags: 0
  m_Script: {fileID: 11500000, guid: f064dab7d344c6444865b9869b2068d0, type: 3}
  m_Name: 
  m_EditorClassIdentifier: 
  sfxHandler: {fileID: 7905274940506637156}
  particleShowTime: 0.2
  nbSecondStopTime: 3
--- !u!114 &5076023008904010927
MonoBehaviour:
  m_ObjectHideFlags: 0
  m_CorrespondingSourceObject: {fileID: 0}
  m_PrefabInstance: {fileID: 0}
  m_PrefabAsset: {fileID: 0}
  m_GameObject: {fileID: 2008846039132925537}
  m_Enabled: 1
  m_EditorHideFlags: 0
  m_Script: {fileID: 11500000, guid: e8f6d3c6e4250e84192f5b34ce9e71bc, type: 3}
  m_Name: 
  m_EditorClassIdentifier: 
  glowColor: {r: 0.590909, g: 0, b: 1, a: 1}
  glowBrightness: 2.5
  outlineWidth: 1
  alphaThreshold: 0.01
  drawOutside: 0
  enableInstancing: 0
--- !u!1 &1465672845836814607
GameObject:
  m_ObjectHideFlags: 0
  m_CorrespondingSourceObject: {fileID: 0}
  m_PrefabInstance: {fileID: 0}
  m_PrefabAsset: {fileID: 0}
  serializedVersion: 6
  m_Component:
  - component: {fileID: 5744447089381933749}
  - component: {fileID: 7905274940506637156}
  m_Layer: 0
  m_Name: SfxHandler
  m_TagString: Untagged
  m_Icon: {fileID: 0}
  m_NavMeshLayer: 0
  m_StaticEditorFlags: 0
  m_IsActive: 1
--- !u!4 &5744447089381933749
Transform:
  m_ObjectHideFlags: 0
  m_CorrespondingSourceObject: {fileID: 0}
  m_PrefabInstance: {fileID: 0}
  m_PrefabAsset: {fileID: 0}
  m_GameObject: {fileID: 1465672845836814607}
  m_LocalRotation: {x: -0, y: -0, z: -0, w: 1}
  m_LocalPosition: {x: 0, y: 0, z: 0}
  m_LocalScale: {x: 1, y: 1, z: 1}
  m_Children: []
  m_Father: {fileID: 5488699665241171466}
  m_RootOrder: 3
  m_LocalEulerAnglesHint: {x: 0, y: 0, z: 0}
--- !u!114 &7905274940506637156
MonoBehaviour:
  m_ObjectHideFlags: 0
  m_CorrespondingSourceObject: {fileID: 0}
  m_PrefabInstance: {fileID: 0}
  m_PrefabAsset: {fileID: 0}
  m_GameObject: {fileID: 1465672845836814607}
  m_Enabled: 1
  m_EditorHideFlags: 0
  m_Script: {fileID: 11500000, guid: 4100d3321ac448018c52d4b40248fb60, type: 3}
  m_Name: 
  m_EditorClassIdentifier: 
  audioSourcePrefab: {fileID: 5707223017359325951, guid: 831333f8a7ee91948a15c6910cfad7d9,
    type: 3}
  pickUpSfx: {fileID: 8300000, guid: ceb44a9423fe38445a6aa65c6e6ba62f, type: 3}
  pickUpBaseVolume: 0.05
--- !u!1001 &962943962189388829
PrefabInstance:
  m_ObjectHideFlags: 0
  serializedVersion: 2
  m_Modification:
    m_TransformParent: {fileID: 0}
    m_Modifications:
    - target: {fileID: 209357880446223109, guid: a4ecec7ea8714654f96de29e3a3fa03e,
        type: 3}
      propertyPath: m_Name
      value: Pickable-StopTime
      objectReference: {fileID: 0}
    - target: {fileID: 4717194249691904535, guid: a4ecec7ea8714654f96de29e3a3fa03e,
        type: 3}
      propertyPath: m_LocalPosition.x
      value: 0
      objectReference: {fileID: 0}
    - target: {fileID: 4717194249691904535, guid: a4ecec7ea8714654f96de29e3a3fa03e,
        type: 3}
      propertyPath: m_LocalPosition.y
      value: 0
      objectReference: {fileID: 0}
    - target: {fileID: 4717194249691904535, guid: a4ecec7ea8714654f96de29e3a3fa03e,
        type: 3}
      propertyPath: m_LocalPosition.z
      value: 0
      objectReference: {fileID: 0}
    - target: {fileID: 4717194249691904535, guid: a4ecec7ea8714654f96de29e3a3fa03e,
        type: 3}
      propertyPath: m_LocalRotation.x
      value: -0
      objectReference: {fileID: 0}
    - target: {fileID: 4717194249691904535, guid: a4ecec7ea8714654f96de29e3a3fa03e,
        type: 3}
      propertyPath: m_LocalRotation.y
      value: -0
      objectReference: {fileID: 0}
    - target: {fileID: 4717194249691904535, guid: a4ecec7ea8714654f96de29e3a3fa03e,
        type: 3}
      propertyPath: m_LocalRotation.z
      value: -0
      objectReference: {fileID: 0}
    - target: {fileID: 4717194249691904535, guid: a4ecec7ea8714654f96de29e3a3fa03e,
        type: 3}
      propertyPath: m_LocalRotation.w
      value: 1
      objectReference: {fileID: 0}
    - target: {fileID: 4717194249691904535, guid: a4ecec7ea8714654f96de29e3a3fa03e,
        type: 3}
      propertyPath: m_RootOrder
      value: 0
      objectReference: {fileID: 0}
    - target: {fileID: 4717194249691904535, guid: a4ecec7ea8714654f96de29e3a3fa03e,
        type: 3}
      propertyPath: m_LocalEulerAnglesHint.x
      value: 0
      objectReference: {fileID: 0}
    - target: {fileID: 4717194249691904535, guid: a4ecec7ea8714654f96de29e3a3fa03e,
        type: 3}
      propertyPath: m_LocalEulerAnglesHint.y
      value: 0
      objectReference: {fileID: 0}
    - target: {fileID: 4717194249691904535, guid: a4ecec7ea8714654f96de29e3a3fa03e,
        type: 3}
      propertyPath: m_LocalEulerAnglesHint.z
      value: 0
      objectReference: {fileID: 0}
    - target: {fileID: 4717194249691904535, guid: a4ecec7ea8714654f96de29e3a3fa03e,
        type: 3}
      propertyPath: m_LocalScale.x
      value: 1
      objectReference: {fileID: 0}
    - target: {fileID: 8166973089982887237, guid: a4ecec7ea8714654f96de29e3a3fa03e,
        type: 3}
      propertyPath: m_Color.r
      value: 1
      objectReference: {fileID: 0}
    - target: {fileID: 8166973089982887237, guid: a4ecec7ea8714654f96de29e3a3fa03e,
        type: 3}
      propertyPath: m_Color.g
      value: 1
      objectReference: {fileID: 0}
    - target: {fileID: 8166973089982887237, guid: a4ecec7ea8714654f96de29e3a3fa03e,
        type: 3}
      propertyPath: m_Color.b
      value: 1
      objectReference: {fileID: 0}
    - target: {fileID: 8166973089982887237, guid: a4ecec7ea8714654f96de29e3a3fa03e,
        type: 3}
      propertyPath: m_Sprite
      value: 
      objectReference: {fileID: 21300000, guid: 34168c8f6b12a7145975ae396dabb8a8,
        type: 3}
    - target: {fileID: 8166973089982887237, guid: a4ecec7ea8714654f96de29e3a3fa03e,
        type: 3}
      propertyPath: m_Materials.Array.data[0]
      value: 
      objectReference: {fileID: 0}
    - target: {fileID: 8166973089982887237, guid: a4ecec7ea8714654f96de29e3a3fa03e,
        type: 3}
      propertyPath: m_WasSpriteAssigned
      value: 1
      objectReference: {fileID: 0}
    - target: {fileID: 8166973089982887237, guid: a4ecec7ea8714654f96de29e3a3fa03e,
        type: 3}
      propertyPath: m_SortingLayerID
      value: -1588149831
      objectReference: {fileID: 0}
    - target: {fileID: 8166973089982887237, guid: a4ecec7ea8714654f96de29e3a3fa03e,
        type: 3}
      propertyPath: m_SortingLayer
      value: 4
      objectReference: {fileID: 0}
    - target: {fileID: 8166973089982887237, guid: a4ecec7ea8714654f96de29e3a3fa03e,
        type: 3}
      propertyPath: m_Color.r
      value: 1
      objectReference: {fileID: 0}
    - target: {fileID: 8166973089982887237, guid: a4ecec7ea8714654f96de29e3a3fa03e,
        type: 3}
      propertyPath: m_Color.g
      value: 1
      objectReference: {fileID: 0}
    - target: {fileID: 8166973089982887237, guid: a4ecec7ea8714654f96de29e3a3fa03e,
        type: 3}
      propertyPath: m_Color.b
      value: 1
      objectReference: {fileID: 0}
    - target: {fileID: 8166973089982887237, guid: a4ecec7ea8714654f96de29e3a3fa03e,
        type: 3}
      propertyPath: m_Sprite
      value: 
      objectReference: {fileID: 21300000, guid: 34168c8f6b12a7145975ae396dabb8a8,
        type: 3}
    - target: {fileID: 8166973089982887237, guid: a4ecec7ea8714654f96de29e3a3fa03e,
        type: 3}
      propertyPath: m_Materials.Array.data[0]
      value: 
      objectReference: {fileID: 0}
    - target: {fileID: 8166973089982887237, guid: a4ecec7ea8714654f96de29e3a3fa03e,
        type: 3}
      propertyPath: m_WasSpriteAssigned
      value: 1
      objectReference: {fileID: 0}
    - target: {fileID: 8166973089982887237, guid: a4ecec7ea8714654f96de29e3a3fa03e,
        type: 3}
      propertyPath: m_SortingLayerID
      value: -1588149831
      objectReference: {fileID: 0}
    - target: {fileID: 8166973089982887237, guid: a4ecec7ea8714654f96de29e3a3fa03e,
        type: 3}
      propertyPath: m_SortingLayer
      value: 4
      objectReference: {fileID: 0}
    - target: {fileID: 5115687539424233801, guid: a4ecec7ea8714654f96de29e3a3fa03e,
        type: 3}
      propertyPath: m_RootOrder
      value: 0
      objectReference: {fileID: 0}
    - target: {fileID: 5115687539424233801, guid: a4ecec7ea8714654f96de29e3a3fa03e,
        type: 3}
      propertyPath: m_LocalScale.x
      value: 1
      objectReference: {fileID: 0}
    - target: {fileID: 5115687539424233801, guid: a4ecec7ea8714654f96de29e3a3fa03e,
        type: 3}
      propertyPath: m_LocalScale.y
      value: 1
      objectReference: {fileID: 0}
    - target: {fileID: 8336236713243041969, guid: a4ecec7ea8714654f96de29e3a3fa03e,
        type: 3}
      propertyPath: m_RootOrder
      value: 1
      objectReference: {fileID: 0}
    - target: {fileID: 8336236713243041969, guid: a4ecec7ea8714654f96de29e3a3fa03e,
        type: 3}
      propertyPath: m_LocalScale.x
      value: 1
      objectReference: {fileID: 0}
    - target: {fileID: 8336236713243041969, guid: a4ecec7ea8714654f96de29e3a3fa03e,
        type: 3}
      propertyPath: m_LocalScale.y
      value: 1
      objectReference: {fileID: 0}
    - target: {fileID: 8858859046088340698, guid: a4ecec7ea8714654f96de29e3a3fa03e,
        type: 3}
      propertyPath: m_Radius
      value: 0.5
      objectReference: {fileID: 0}
    - target: {fileID: 263061160578845535, guid: a4ecec7ea8714654f96de29e3a3fa03e,
        type: 3}
      propertyPath: particles
      value: 
      objectReference: {fileID: 8494434890288762975}
    m_RemovedComponents: []
  m_SourcePrefab: {fileID: 100100000, guid: a4ecec7ea8714654f96de29e3a3fa03e, type: 3}
--- !u!1 &1133457453871718168 stripped
GameObject:
  m_CorrespondingSourceObject: {fileID: 209357880446223109, guid: a4ecec7ea8714654f96de29e3a3fa03e,
    type: 3}
  m_PrefabInstance: {fileID: 962943962189388829}
  m_PrefabAsset: {fileID: 0}
--- !u!4 &5488699665241171466 stripped
Transform:
  m_CorrespondingSourceObject: {fileID: 4717194249691904535, guid: a4ecec7ea8714654f96de29e3a3fa03e,
    type: 3}
  m_PrefabInstance: {fileID: 962943962189388829}
  m_PrefabAsset: {fileID: 0}
--- !u!1 &2008846039132925537 stripped
GameObject:
  m_CorrespondingSourceObject: {fileID: 1638688743102624380, guid: a4ecec7ea8714654f96de29e3a3fa03e,
    type: 3}
  m_PrefabInstance: {fileID: 962943962189388829}
  m_PrefabAsset: {fileID: 0}
--- !u!198 &8494434890288762975 stripped
ParticleSystem:
  m_CorrespondingSourceObject: {fileID: 8700774059236871234, guid: a4ecec7ea8714654f96de29e3a3fa03e,
    type: 3}
  m_PrefabInstance: {fileID: 962943962189388829}
  m_PrefabAsset: {fileID: 0}
